<?xml version="1.0" encoding="UTF-8"?>
<record xmlns="http://www.loc.gov/MARC21/slim" xmlns:xsi="http://www.w3.org/2001/XMLSchema-instance" xsi:schemaLocation="http://www.loc.gov/MARC21/slim http://www.loc.gov/standards/marcxml/schema/MARC21slim.xsd">
<leader>00000cam a22      i 4500</leader>
<controlfield tag="001">001682757</controlfield>
<controlfield tag="003">NNU</controlfield>
<controlfield tag="005">20150729180157.0</controlfield>
<controlfield tag="008">900515s1963    sy a     b    000 0 ara c</controlfield>
<datafield tag="010" ind1=" " ind2=" ">
<subfield code="a">ne 63002060</subfield>
</datafield>
<datafield tag="025" ind1=" " ind2=" ">
<subfield code="a">PL480:UAR-3138</subfield>
</datafield>
<datafield tag="035" ind1=" " ind2=" ">
<subfield code="a">(OCoLC)21541521</subfield>
</datafield>
<datafield tag="040" ind1=" " ind2=" ">
<subfield code="a">Princeton Univ. Libr.</subfield>
<subfield code="b">eng</subfield>
<subfield code="c">WAU</subfield>
<subfield code="d">DLC</subfield>
<subfield code="d">OSU</subfield>
<subfield code="d">ORZ</subfield>
<subfield code="d">SYB</subfield>
<subfield code="d">OSU</subfield>
<subfield code="d">OCLCF</subfield>
<subfield code="d">OCLCQ</subfield>
<subfield code="d">NNU</subfield>
</datafield>
<datafield tag="042" ind1=" " ind2=" ">
<subfield code="a">premarc</subfield>
</datafield>
<datafield tag="043" ind1=" " ind2=" ">
<subfield code="a">a-sy---</subfield>
</datafield>
<datafield tag="050" ind1="0" ind2="0">
<subfield code="a">N5886.S9</subfield>
<subfield code="b">Z8 1963</subfield>
</datafield>
<datafield tag="100" ind1="1" ind2=" ">
<subfield code="6">880-01</subfield>
<subfield code="a">Zuhdī, Bashīr.</subfield>
</datafield>
<datafield tag="245" ind1="1" ind2="3">
<subfield code="6">880-02</subfield>
<subfield code="a">al-Fann al-Hilnistī wa-al-Rūmānī fī Sūrīyah /</subfield>
<subfield code="c">[taʼlīf] Bashīr Zuhdī.</subfield>
</datafield>
<datafield tag="260" ind1=" " ind2=" ">
<subfield code="6">880-03</subfield>
<subfield code="a">[Dimashq?] :</subfield>
<subfield code="b">[al-Majlis al-Aʻlá li-Riʻāyat al-Funūn wa-alĀdāb wa-al ʻUlūm al-Ijtimāʻiyah],</subfield>
<subfield code="c">[1963?]</subfield>
</datafield>
<datafield tag="300" ind1=" " ind2=" ">
<subfield code="a">98 pages :</subfield>
<subfield code="b">illustrations ;</subfield>
<subfield code="c">20 cm.</subfield>
</datafield>
<datafield tag="336" ind1=" " ind2=" ">
<subfield code="a">text</subfield>
<subfield code="b">txt</subfield>
<subfield code="2">rdacontent</subfield>
</datafield>
<datafield tag="337" ind1=" " ind2=" ">
<subfield code="a">unmediated</subfield>
<subfield code="b">n</subfield>
<subfield code="2">rdamedia</subfield>
</datafield>
<datafield tag="338" ind1=" " ind2=" ">
<subfield code="a">volume</subfield>
<subfield code="b">nc</subfield>
<subfield code="2">rdacarrier</subfield>
</datafield>
<datafield tag="490" ind1="1" ind2=" ">
<subfield code="6">880-04</subfield>
<subfield code="a">Silsilat tārīkh al-fạnn fī Sūrīyah ;</subfield>
<subfield code="v">1</subfield>
</datafield>
<datafield tag="504" ind1=" " ind2=" ">
<subfield code="a">Includes bibliographical references (pages 94-95).</subfield>
</datafield>
<datafield tag="650" ind1=" " ind2="0">
<subfield code="a">Art</subfield>
<subfield code="z">Syria.</subfield>
</datafield>
<datafield tag="650" ind1=" " ind2="0">
<subfield code="a">Art, Greek.</subfield>
</datafield>
<datafield tag="650" ind1=" " ind2="0">
<subfield code="a">Art, Roman.</subfield>
</datafield>
<datafield tag="650" ind1=" " ind2="7">
<subfield code="a">Art.</subfield>
<subfield code="2">fast</subfield>
<subfield code="0">(OCoLC)fst00815177</subfield>
</datafield>
<datafield tag="650" ind1=" " ind2="7">
<subfield code="a">Art, Greek.</subfield>
<subfield code="2">fast</subfield>
<subfield code="0">(OCoLC)fst00816343</subfield>
</datafield>
<datafield tag="650" ind1=" " ind2="7">
<subfield code="a">Art, Roman.</subfield>
<subfield code="2">fast</subfield>
<subfield code="0">(OCoLC)fst00816806</subfield>
</datafield>
<datafield tag="651" ind1=" " ind2="7">
<subfield code="a">Syria.</subfield>
<subfield code="2">fast</subfield>
<subfield code="0">(OCoLC)fst01208757</subfield>
</datafield>
<datafield tag="776" ind1="0" ind2="8">
<subfield code="i">Online version:</subfield>
<subfield code="a">Zuhdī, Bashīr.</subfield>
<subfield code="t">Fann al-Hilnistī wa-al-Rūmānī fī Sūrīyah.</subfield>
<subfield code="d">[Dimashq? : al-Majlis al-Aʻlá li-Riʻāyat al-Funūn wa-alĀdāb wa-al ʻUlūm al-Ijtimāʻiyah, 1963?]</subfield>
<subfield code="w">(OCoLC)561094609</subfield>
</datafield>
<datafield tag="880" ind1="1" ind2=" ">
<subfield code="6">100-01/</subfield>
<subfield code="a">زهدي، بشير.</subfield>
</datafield>
<datafield tag="880" ind1="1" ind2="2">
<subfield code="6">245-02/</subfield>
<subfield code="a">الفن الهلنستي والروماني في سورية /</subfield>
<subfield code="c">[تأليف] بشير زهدي.</subfield>
</datafield>
<datafield tag="880" ind1=" " ind2=" ">
<subfield code="6">260-03/</subfield>
<subfield code="a">[دمشق؟] :</subfield>
<subfield code="b">[المجلس الاعلى لرعاية الفنون والآداب والعلوم الاجتماعية]،</subfield>
<subfield code="c">[1963؟]</subfield>
</datafield>
<datafield tag="880" ind1="1" ind2=" ">
<subfield code="6">490-04/</subfield>
<subfield code="a">سلسلة تاريخ الفن في سورية ؛</subfield>
<subfield code="v">1</subfield>
</datafield>
<datafield tag="830" ind1=" " ind2="0">
<subfield code="6">880-05</subfield>
<subfield code="a">Silsilat tārīkh al-fạnn fī Sūrīyah ;</subfield>
<subfield code="v">1</subfield>
</datafield>
<datafield tag="880" ind1=" " ind2="0">
<subfield code="6">830-05/</subfield>
<subfield code="a">سلسلة تاريخ الفن في سورية ؛</subfield>
<subfield code="v">1</subfield>
</datafield>
<datafield tag="OWN" ind1=" " ind2=" ">
<subfield code="a">GENERAL</subfield>
</datafield>
<datafield tag="AVA" ind1=" " ind2=" ">
<subfield code="a">NYU50</subfield>
<subfield code="b">BOBST</subfield>
<subfield code="c">Main Collection</subfield>
<subfield code="d">N5886.S9 Z8</subfield>
<subfield code="e">unavailable</subfield>
<subfield code="t">Unavailable</subfield>
<subfield code="f">1</subfield>
<subfield code="g">1</subfield>
<subfield code="h">N</subfield>
<subfield code="i">0</subfield>
<subfield code="j">MAIN</subfield>
<subfield code="k">0</subfield>
</datafield>
</record>
